2456 3772
304 713 516 816 TURRIS
555 715 968 781 LONDINENSIS.
1075 769 1077 772 .

573 1012 701 1023 ψ

179 1269 284 1334 Lnuus
298 1267 350 1333 ubi
364 1267 455 1334 celsas
469 1268 599 1334 Londini
613 1268 748 1335 interluit
762 1293 841 1334 arces
944 1351 945 1354 Ἴ

178 1362 339 1460 Tbamesis,
356 1387 386 1446 et
400 1387 550 1468 tamquam
565 1381 662 1447 densis
676 1382 778 1448 florere
791 1381 909 1448 videtur
975 1463 977 1468 ,
1021 1462 1024 1470 Ι
1063 1438 1069 1466 ,

179 1491 345 1574 Abietibus,
360 1494 452 1559 moles
467 1495 533 1560 coeli
548 1517 579 1559 se
592 1495 672 1560 tollit
686 1495 724 1560 ad
738 1517 823 1562 auras
923 1474 931 1576 Ι,
996 1490 999 1496 ’
1040 1487 1042 1494 ’

177 1605 367 1686 Admiranda,
382 1607 497 1693 ingens,
512 1608 656 1694 tectisque
671 1607 746 1674 elata
759 1609 932 1696 propinquis
1069 1660 1070 1664 ,

175 1718 310 1805 Despicit
324 1719 460 1786 adversos
474 1719 581 1786 turrito
594 1721 703 1786 vertice
717 1721 835 1786 fluctus.

175 1833 265 1898 Sedes
281 1833 357 1898 clara
371 1833 450 1913 olim,
467 1839 497 1898 et
511 1834 590 1913 felix,
607 1834 679 1899 dum
694 1832 770 1899 bella
784 1835 927 1920 vigerent,
1067 1821 1069 1828 ¹

174 1944 346 2030 Perfugium
353 1973 364 2025 ;
386 1951 476 2010 restat
491 1966 609 2031 quoque
625 1945 721 2010 adhuc
735 1946 923 2012 memorabile
937 1968 1056 2024 nomen,

175 2055 232 2120 sed
245 2055 392 2122 fortunas
413 2057 452 2120 t:
475 2079 530 2122 nec
542 2057 604 2142 jam
618 2056 676 2120 nisi
689 2057 830 2142 temporis
845 2058 903 2122 acti

172 2171 262 2237 Fama
277 2173 399 2237 domum
413 2177 517 2250 servat,
533 2172 699 2256 magnaque
714 2171 901 2259 amplectitur
914 2170 1029 2236 umbra.

172 2284 290 2349 Scilicet
303 2285 357 2349 has
373 2285 521 2369 quondam
536 2307 567 2349 se
582 2282 766 2350 subducebat
779 2283 813 2347 in
826 2282 904 2347 aedes

46 2485 50 2491 ⁶
169 2397 234 2462 Rex
247 2397 351 2482 populi
364 2396 497 2461 intentus
512 2397 599 2476 curis,
616 2396 790 2481 cinctusque
804 2393 916 2460 vocatis

168 2505 366 2593 Principibus,
382 2508 516 2572 consulta
529 2507 626 2595 palam
641 2507 731 2573 dabat
745 2505 846 2573 abdita
859 2503 984 2581 mentis3
1066 2519 1068 2526 '

167 2621 231 2682 Aut
246 2620 334 2684 etiam
349 2620 457 2685 occulti
471 2625 606 2684 metuens
615 2619 756 2684 ¹incendia
769 2617 840 2682 belli
1071 2631 1074 2644 ¹

168 2730 360 2814 Suspectasve
373 2732 471 2796 virum
485 2730 612 2809 fraudes,
627 2730 693 2794 loca
706 2735 773 2794 tuta
786 2727 907 2815 petebat

166 2840 373 2921 Praemonitus,
388 2839 536 2928 longeque
550 2841 645 2905 minas
660 2839 772 2905 vitabat
785 2841 898 2906 inanes.

165 2953 280 3038 Saepius
296 2959 326 3017 et
341 2954 367 3017 si
380 2955 431 3038 qui
444 2953 546 3041 patria
560 2953 678 3018 funesta
693 2953 786 3017 secuti

164 3066 256 3129 Arma
275 3065 393 3149 (nefas),
410 3065 510 3130 ursive
524 3065 643 3132 inimicit
657 3064 794 3129 invadere
809 3063 913 3128 dextra

162 3176 336 3262 hpsn'um,
352 3175 401 3242 hic
415 3177 513 3242 miseri
526 3178 643 3242 lentum
657 3183 825 3264 exspectare
840 3173 973 3241 solebant

161 3289 313 3356 Carnificis
329 3287 470 3375 gladium,
485 3289 532 3354 vel
546 3295 640 3354 morte
654 3289 785 3374 perosius
799 3287 865 3372 ipsb

160 3400 319 3468 Ducebant
333 3401 403 3468 solis
418 3401 510 3466 clausi
524 3399 723 3487 penetralibus
737 3421 843 3476 sevum,
