2456 3772
141 227 181 288 10
435 250 793 298 ‘'renero-nouerunrsra

140 396 333 484 Exspectans,
348 398 416 464 laeto
431 401 541 465 ferrum
555 401 741 467 irrevocabile
755 403 842 468 vultu

139 511 268 596 Accipis,
284 517 314 576 ct
328 517 425 577 mutas
439 513 617 599 promissum
631 538 744 580 carcerc
758 517 874 581 coelum.
941 557 943 564 ι

181 624 248 688 Nec
263 624 332 688 vero
347 623 422 689 solas
436 625 548 689 norunt
561 626 625 690 haec
639 628 747 692 moenia
761 629 862 714 culpas
986 641 987 644 ’

60 806 63 813 ,
137 734 271 814 Conscia,
287 757 342 799 nce
357 736 446 801 fando
460 737 578 800 tantum
593 737 719 802 didicere
734 739 864 823 querelas

136 845 319 932 Lugenttim,
335 855 365 912 et
379 849 468 933 poent
482 871 633 933 expressos
648 849 754 915 ultrice
769 851 893 916 dolores,

136 957 202 1022 Tun
216 959 309 1038 testis,
325 981 413 1044 quem
428 982 493 1045 spes
507 959 610 1046 populi
624 960 763 1025 frustrata
776 961 889 1046 rapacis

134 1070 176 1134 nt
190 1071 267 1156 regis
281 1071 367 1137 vivax
381 1071 482 1137 odium
496 1072 627 1157 livorque
642 1072 789 1158 malignus

134 1181 154 1244 J
155 1181 230 1244 ussit
244 1181 325 1246 obire
340 1181 435 1247 diem:
458 1189 493 1247 tu
508 1183 623 1247 clausus
637 1188 719 1248 turre
733 1183 828 1247 tulisti

132 1293 185 1357 Bis
200 1317 286 1382 senos
300 1295 427 1360 traxisse
436 1317 538 1373 annos,
554 1295 668 1379 aevique
682 1295 823 1380 vigorem,

132 1406 196 1468 Aut
210 1404 297 1484 bcHo,
314 1411 365 1470 aut
380 1405 485 1469 studiis
500 1405 614 1469 dudum
629 1406 764 1470 civilibus
779 1413 891 1491 aptum,

131 1515 215 1579 Dum
229 1516 338 1601 passim
353 1517 487 1581 arderent
502 1517 551 1580 alii
565 1519 700 1602 terreque
714 1518 845 1602 marique

127 1628 265 1708 Perdere,
282 1629 328 1693 avi
343 1629 455 1708 simih‘s,
471 1629 572 1715 cupidi
587 1651 653 1713 quae
666 1629 765 1714 praeda
779 1629 912 1714 magistri

129 1741 203 1806 Non
218 1733 275 1806 sibi
289 1741 412 1827 captivae
426 1741 526 1806 fundit
540 1742 741 1806 modulamina
754 1742 844 1806 vocis.

128 1853 210 1938 Ergo
224 1853 356 1918 infinitos
372 1853 521 1918 consuesti
535 1853 634 1918 fallere
650 1853 724 1918 soles

127 1965 271 2030 Mansuro
285 1965 460 2030 incumbens
475 1965 565 2050 operi,
580 1965 744 2049 mundique
758 1970 891 2028 tenorem

127 2076 262 2160 Antiquo
277 2097 375 2140 rerum
389 2077 548 2161 repetitum
563 2077 677 2140 efonte
690 2075 799 2140 tabella

125 2187 251 2272 Pingere
266 2187 375 2266 votivt,
391 2187 508 2272 qualem
523 2186 623 2250 divina
637 2186 773 2250 voluntas

124 2298 281 2363 Terrarum
294 2298 327 2362 i'n
340 2304 405 2363 toto
420 2320 535 2382 semper
549 2319 580 2361 se
595 2297 755 2362 ostenderit
770 2295 850 2361 orba.

124 2414 200 2484 Quis
214 2419 350 2478 numeret
363 2413 500 2498 reliquos,
516 2412 580 2476 haec
596 2417 743 2497 quotqmt
757 2411 865 2498 ceperit
879 2413 957 2476 aedes

123 2526 274 2611 Captivos,
291 2532 457 2610 sortemque
472 2524 602 2588 virorum
616 2513 646 2588 ct
661 2525 783 2588 crimina
797 2517 898 2589 dicat?

125 2637 244 2723 Quippe
258 2638 325 2702 hic⁰
339 2636 763 2723 injustavenicnsinvincula
777 2635 866 2721 culpt
1018 2665 1020 2669 ·

121 2750 274 2830 Discessit,
287 2749 373 2834 nigra
388 2753 559 2813 consumtus
573 2747 642 2812 tabe
657 2748 771 2826 veneni,

120 2861 247 2926 Infelix:
269 2861 376 2926 illumr
391 2859 519 2923 ardentis
535 2859 630 2943 gravis
644 2859 687 2924 ira
701 2858 820 2922 senatus

120 2973 238 3052 Obruit,
254 2978 285 3038 et
298 2995 398 3058 regem
409 2971 498 3058 jussit
513 2970 638 3036 caruisse
653 2969 806 3034 ministro:

153 3170 166 3197 ¹¹
184 3163 223 3210 Sir
230 3162 323 3210 Walter
335 3161 448 3223 Raleigh‚
458 3161 509 3208 who
518 3168 590 3209 wrote
601 3159 639 3207 his
651 3159 752 3222 History
761 3160 788 3207 os
796 3159 837 3206 the
848 3157 932 3204 World
943 3157 1032 3220 during

119 3245 158 3293 his
168 3244 330 3292 confinement
340 3243 366 3290 in
378 3243 420 3290 the
431 3242 523 3290 Tower.

152 3331 163 3355 ⁰
181 3324 337 3372 SirThomao
349 3325 485 3386 Ouerbury.

152 3419 164 3452 r
182 3405 303 3454 Strafl'ord.
