2456 3772
157 262 181 323 4
462 279 574 323 remus
590 279 810 323 uonurnnnsrs.

155 430 224 500 Quo
239 428 342 493 melius
358 437 448 494 staret
463 429 582 494 demum
598 452 643 493 res
657 429 793 514 Anglica,
810 429 928 514 qubque

155 541 267 607 Laetius
283 543 438 627 augurium
452 543 562 628 populo
576 565 629 627 per
644 542 729 606 saecla
743 548 882 606 maneret.

196 655 240 718 At
254 676 306 718 vos
321 654 457 740 auspiciis
472 676 597 739 quorum
613 676 685 738 gens
699 653 750 717 illa
763 677 927 740 perennem:

154 763 254 829 Ducta
268 787 321 849 per
335 769 461 843 aetatem,
476 765 655 850 transmissa
668 765 811 850 lampadis
825 765 927 842 instar,

154 875 262 954 Crevit,
280 883 310 940 et
324 899 418 961 usque
433 899 525 941 novos
540 881 623 940 motu
639 876 764 940 surrexit
777 877 809 939 in
823 877 917 960 ignes,

156 986 325 1072 Indulgete,
341 1009 453 1072 precor,
470 988 608 1052 studiosi
624 985 726 1073 captus
740 987 822 1052 inani

154 1098 286 1162 Annales
300 1098 403 1163 adeam
416 1105 538 1177 vestros,
554 1099 800 1183 memorandaque
814 1100 892 1164 facta

154 1209 325 1294 Persequar,
338 1216 367 1274 et
381 1210 515 1295 paullum
529 1210 712 1294 fugientibus
726 1211 863 1273 immorer
877 1209 970 1286 annis.

200 1321 318 1408 Nempe
332 1321 385 1387 ubi
396 1323 460 1408 J‘am
473 1321 571 1387 Cacsar
584 1321 704 1395 tandem
719 1321 757 1385 ad
770 1320 915 1384 Tartessia
929 1343 1021 1406 regna
1044 1319 1047 1330 ’

153 1432 258 1498 Victor
273 1432 310 1500 ab
325 1433 399 1512 Eoo,
416 1439 580 1498 extremum
596 1432 728 1496 duxisset
741 1431 774 1495 in
789 1431 890 1495 orbem
954 1421 956 1426 ¹

155 1545 304 1609 Romanas
319 1544 440 1630 aquilas,
456 1543 611 1628 Gallisque
624 1543 753 1620 immane
767 1541 895 1607 dedisset

151 1657 295 1735 Exitium,
309 1655 396 1741 quale
409 1657 537 1721 incensa
551 1655 640 1719 modo
654 1654 802 1720 moenibus
816 1653 898 1718 urbis

151 1767 222 1852 lpse
238 1766 447 1853 superveniens
465 1766 563 1850 (fama
578 1767 603 1830 si
618 1765 734 1830 credere
749 1767 873 1852 dignum
887 1769 943 1850 est)
1047 1851 1049 1861 ,

155 1878 215 1942 Vix
228 1878 350 1964 trepidis
364 1879 464 1964 potuit
478 1879 584 1943 turmis
598 1879 705 1943 inferre
720 1879 870 1958 Camillus,

153 1981 229 2045 Mox
244 1982 333 2048 etiam
347 1981 479 2047 albentes
494 1982 641 2067 scopulos,
656 1981 791 2067 latosque
806 1983 985 2048 Britanudm

152 2084 328 2171 Adspiciens
342 2085 468 2150 inhiavit
483 2108 568 2171 agros
576 2114 585 2165 ;
611 2097 675 2148 turn
689 2085 814 2149 mribus
828 2108 928 2170 aequor

150 2187 266 2253 Imbuit
280 2189 427 2274 ignotum,
444 2188 594 2274 dabitque
608 2189 731 2274 exponit
746 2191 832 2253 arent

150 2291 220 2356 Rite
234 2293 323 2372 viros,
338 2315 528 2379 praecepsque
542 2293 664 2378 inopino
679 2292 843 2357 obvertitur
856 2293 945 2358 hosti,

148 2404 231 2483 Post,
247 2413 283 2470 ut
297 2406 479 2491 frangendos
495 2406 615 2470 domurn
629 2407 805 2470 contriverat
820 2428 903 2470 orsus

150 2515 236 2580 Vana
251 2517 460 2598 reluctemini,
475 2517 676 2602 Romanisque
691 2539 756 2582 acer
768 2516 892 2582 habenis

149 2624 327 2692 Subdiderat
343 2633 463 2713 gentem
478 2629 613 2708 evictam,
629 2628 687 2694 sibi
700 2628 828 2693 traditur
841 2627 936 2692 altum

147 2738 289 2804 Presidio
304 2740 434 2805 firmasse
448 2741 556 2821 locum,
573 2742 633 2826 qui
646 2741 797 2806 Themesie
810 2737 893 2803 unda

147 2850 264 2916 Dividit
278 2875 356 2932 arva,
372 2873 427 2918 suo
441 2873 600 2940 properans
615 2877 646 2918 se
660 2873 791 2938 mergere
805 2858 908 2937 ponto.

149 2962 299 3028 Nondum
315 2965 426 3029 etenim
439 2965 556 3050 ingenti
570 2966 678 3030 nbrant
692 2985 843 3049 assurgere
856 2963 930 3028 luxu

148 3075 278 3140 Urbanoe
293 3077 385 3156 sedes,
402 3077 454 3140 sod
468 3077 518 3141 vix
533 3099 599 3141 casa
614 3097 702 3162 parva
715 3081 849 3162 patentes

149 3187 210 3254 Hic
224 3195 313 3274 atque
328 3188 377 3254 hle
391 3189 523 3256 variabat
538 3211 633 3274 agroS,
651 3189 723 3253 dum
738 3211 838 3275 sparsa
851 3211 904 3274 per
917 3187 1024 3253 herbas

132 3299 316 3386 ⁴Reptubant
330 3323 445 3385 pecora,
462 3306 513 3365 aut
527 3300 683 3364 hominum
697 3300 761 3365 sine
774 3301 840 3386 lege
855 3307 988 3378 caterva,

148 3411 261 3477 Pabula
276 3420 448 3498 quaerentes,
465 3412 608 3477 silvestria
622 3417 727 3497 tesqua
740 3411 922 3497 premebant,
