2456 3772
486 269 600 323 'l'URRIS
614 269 835 322 mnnmrnsrs
1100 253 1135 312 ll

226 431 344 496 Bellum
358 430 425 496 alii‘¹
440 427 602 496 intulerant
615 430 727 518 patrie,
743 416 904 518 pulsosque
918 430 1056 515 pararant

225 544 366 629 Antiquis
380 562 481 610 rursus
497 539 632 609 dominos
646 545 797 630 imponere
811 542 928 629 regnis3

223 661 282 726 Pro
298 685 357 747 quo
372 659 506 728 damnati
518 663 624 727 scelere
638 661 671 726 iu
686 657 811 747 ealigine
825 660 901 724 tristi

221 775 264 838 Et
277 774 405 839 tenebris
417 775 534 861 jacuere
549 771 610 854 diu,
626 771 698 838 1111111
712 771 768 838 rite
782 777 900 837 voearet
927 755 930 761 ¹

221 887 345 952 Summa
359 883 430 966 dies,
447 885 632 971 animamque
647 907 798 972 aegrosque
813 883 969 949 resolveret
983 891 1072 948 artus.

221 999 349 1086 Insuper
364 997 504 1079 etmulti,
521 1018 595 1084 quos
609 993 688 1062 fama
703 995 827 1062 obseura
841 997 983 1075 recondit,

221 1111 360 1176 Insontes
375 1119 542 1196 sontesque,
558 1107 662 1196 ignota
675 1107 878 1194 inhonoraque
892 1105 990 1187 turba,

221 1223 281 1288 Hie
296 1225 393 1290 solum
406 1224 521 1290 11111611
536 1241 650 1288 aevum:
674 1223 726 1286 sed
741 1229 771 1287 et
785 1221 840 1287 hos
856 1239 972 1307 quoque
987 1223 1086 1287 laetus

218 1337 291 1401 Non
306 1337 403 1402 minor
416 1331 559 1422 urgebat:
583 1333 686 1399 similir
700 1331 880 1420 penetrabile
894 1335 1005 1400 ferrum

217 1449 315 1514 Dente
331 1449 458 1514 animam
472 1445 603 1526 intravit,
620 1443 735 1532 quoties
750 1445 902 1511 concordis
917 1447 1015 1532 imago

216 1562 322 1642 Prolis,
339 1568 369 1627 et
383 1581 510 1626 uxorum
526 1559 590 1624 sert
605 1559 660 1624 sub
675 1567 764 1625 noete
778 1557 942 1638 dolentum,

215 1676 257 1740 nt
271 1675 357 1740 sociae
371 1673 405 1739 in
418 1679 549 1738 mentem
564 1679 727 1738 remearent
742 1673 849 1760 gaudia
864 1673 941 1738 vita.

216 1787 309 1852 Nune
324 1787 411 1851 etiam
427 1785 459 1850 in
474 1786 549 1850 duro
563 1799 744 1850 camerarum
758 1785 868 1871 pometa
885 1791 997 1850 restant

215 1898 348 1963 Nomina
361 1898 461 1963 inusta
475 1895 589 1960 virum:
612 1895 794 1981 vestigiaque
807 1895 872 1981 ipsa
885 1897 1024 1962 videntur

215 2008 373 2094 Appellare
387 2005 496 2085 Deum,
512 2013 689 2091 moestasque
705 2027 873 2093 expromere
887 2027 983 2074 voees.

258 2119 333 2189 Haeo
347 2123 482 2190 fuerant:
506 2119 558 2186 sed
572 2142 653 2184 nuno
668 2138 761 2185 saevos
775 2115 900 2187 Bellona
913 2123 1061 2187 tumultus

214 2233 323 2314 Leniit,
339 2219 369 2300 et
383 2240 498 2301 nostras
512 2232 630 2321 firgiens
646 2231 788 2298 avertitur
801 2251 883 2299 oras:

213 2347 341 2413 Classica
354 2371 442 2415 111111
457 2349 561 2414 silent:
585 2353 615 2414 et
627 2349 689 2435 jam
703 2369 756 2433 per
771 2347 900 2433 compita
912 2345 973 2414 late

212 2457 265 2520 Nil
281 2458 339 2523 nisi
353 2463 536 2526 mercantum
550 2479 648 2541 voees,
665 2461 863 2548 strepitusque
877 2469 1007 2526 rotarum

214 2565 285 2632 Hue
298 2568 370 2634 illua
383 2591 488 2636 resono
502 2574 714 2659 properantum
728 2573 856 2652 tramite,
871 2573 947 2637 lueri

212 2683 275 2745 Aut
289 2681 373 2746 lusts
388 2680 496 2760 studio,
513 2683 692 2768 densataqne
706 2707 857 2750 murmura
871 2684 954 2770 vulgi

212 2793 323 2859 Audire
338 2802 391 2860 est.
436 2791 513 2858 Aliis
527 2801 701 2859 moveantur
715 2795 792 2861 bella
807 2795 862 2861 sub
878 2797 981 2861 astris:

211 2905 317 2971 Omnis
331 2906 363 2970 in
378 2929 459 2972 arma
473 2905 580 2971 Oriens
596 2929 627 2970 se
641 2908 787 2973 concitet:
812 2908 899 2974 India
913 2931 1014 2994 paoem

210 3017 318 3099 Exuet,
334 3019 521 3106 Europaeque
536 3025 625 3107 neget
639 3042 740 3106 parere
754 3022 920 3107 magistrae:

209 3131 303 3198 Nulla
316 3138 416 3200 tamen
430 3133 516 3199 nobis
530 3132 690 3200 metuenda
703 3133 833 3219 pericula
847 3133 964 3211 Martis,

371 3362 381 3394 ⁴
398 3355 451 3404 The
462 3355 540 3404 rebels
551 3353 577 3403 in
591 3354 653 3406 1715
666 3355 713 3403 and
726 3354 797 3404 1745.

371 3444 381 3472 ¹
398 3433 475 3486 ”rae
487 3437 539 3485 lron
552 3435 649 3485 entered
660 3435 712 3484 into
721 3434 761 3482 liis
773 3433 852 3482 soul.”
