2456 3772
136 211 154 271 8
437 221 550 267 ruuuis
566 220 785 266 muniamus.

135 377 156 441 J
157 376 319 441 amdudum
334 375 455 461 stirpem
467 375 603 453 irrvisam,
620 374 859 460 dominantisque
873 397 953 439 arma

134 488 227 552 Poeue
240 485 366 573 premit:
390 486 441 550 sed
455 506 535 550 mors
548 485 606 571 ipsi
620 485 778 548 immatura
791 489 916 570 tyruuuo

133 599 243 678 Parcit,
258 604 288 664 et
302 600 435 664 insontes
450 603 536 662 uates
550 598 584 662 in
598 597 658 661 iata
671 596 804 682 requirit.

132 713 190 791 Tu,
205 711 315 791 lucris,
331 711 427 775 scelus
442 710 593 795 adspexti:
616 713 652 773 tu
667 709 785 774 conseia
798 709 931 774 taudem

133 816 253 880 Testata
266 838 298 879 es
311 821 456 900 patruum,
471 815 542 878 cum
554 814 616 899 jam
630 817 683 878 tua
694 813 805 878 moeuia
818 817 945 898 praesesh

135 919 283 990 Servanda
297 925 410 1008 accepit
422 929 542 988 noctem
555 945 617 986 nou
632 922 758 1008 amplius
771 945 864 988 uuam

134 1039 258 1114 Torvus,
274 1042 305 1100 et
317 1035 457 1100 immissae
470 1041 632 1120 patuerunt
646 1035 751 1102 limina
765 1035 851 1100 cladi.

135 1149 213 1213 Tum
225 1149 335 1234 passim
350 1148 533 1233 strepituque
547 1146 657 1232 pedum
671 1153 701 1211 et
716 1147 841 1212 clamore
857 1148 975 1213 sinistro

136 1259 288 1324 Scalarum
300 1280 437 1323 resonare
452 1257 577 1344 gradus:
597 1261 718 1344 jamque
733 1258 808 1322 ostia
821 1258 892 1323 lecti

134 1369 285 1435 Contiuub
299 1370 446 1434 invadunt
459 1369 594 1433 homiues
612 1369 738 1454 pulsata,
753 1375 904 1454 ruuntque

136 1481 279 1546 Cominus
293 1482 326 1544 iu
335 1485 455 1566 pueros.
502 1479 563 1544 Olli
577 1485 694 1565 captare
710 1481 838 1564 quietem

137 1596 285 1672 Securum,
301 1594 388 1657 flores
401 1592 494 1656 veluti
509 1592 561 1676 qui
576 1591 712 1656 dulcibus
727 1592 805 1656 auris

136 1705 263 1784 Nerati,
278 1703 399 1768 taudem
414 1704 515 1768 aestivo
531 1725 562 1766 se
577 1701 693 1766 credere
708 1703 782 1767 coelo

136 1820 291 1884 Etruscos
307 1816 417 1882 audent
432 1817 556 1902 gemmis
572 1816 695 1881 educere
709 1817 807 1883 foetus.

138 1931 214 1996 Haec
227 1931 314 2010 iuter,
330 1930 424 1995 facilis
438 1929 576 2015 precibus
589 1951 794 1995 mansuescere
808 1929 907 2010 nullis,

137 2043 192 2108 Vis
207 2043 343 2127 irrumpit
358 2049 452 2120 atrox,
467 2043 604 2127 tristique
618 2041 768 2107 inimicior
781 2043 864 2108 Euro

33 2209 36 2212 .
137 2158 243 2222 Pressa
257 2157 362 2221 anime
377 2153 457 2220 saevb
472 2155 583 2219 claudit
598 2155 742 2240 spiracula
756 2155 868 2221 derue.
966 2241 968 2246 Ι

137 2269 259 2354 Excipit
272 2268 343 2332 hiuc
358 2266 452 2332 caedes
461 2267 594 2346 .caedem;
617 2272 647 2331 et
663 2289 728 2352 quae
742 2267 816 2332 Dira
830 2289 882 2354 per
897 2269 971 2333 altas

138 2381 327 2447 Debacchata
342 2379 455 2458 domos,
462 2379 563 2464 regali
577 2379 721 2464 sauguine
735 2380 817 2466 pasci

104 2577 108 2585 Ι
139 2493 312 2570 Concutiat,
328 2489 438 2554 similes
452 2491 576 2574 posthic
587 2487 648 2554 sibi
662 2487 776 2576 flagitat
790 2491 924 2556 haustus.

139 2605 207 2669 Nec
221 2603 348 2667 frustra:
371 2601 469 2666 viden’
485 2607 520 2666 ut
534 2602 636 2688 populi
652 2625 812 2668 concursus
827 2603 935 2669 hiantis

140 2715 272 2782 Oouiiuit
286 2713 325 2779 ad
338 2721 459 2792 turrem,
476 2713 551 2778 clivo
566 2715 626 2798 qud
640 2714 716 2780 elata
731 2715 837 2800 supino

140 2829 274 2913 Erigitur
287 2825 397 2891 tellusi
418 2825 467 2890 hic
483 2849 514 2891 se
528 2825 628 2892 feralia
641 2825 700 2892 late

140 2941 180 3006 In
195 2939 302 3004 ccelum
315 2936 448 3002 tabulata
461 2937 569 3018 ierunt,
583 2941 726 3026 justique
741 2939 856 3004 satelles

141 3053 223 3118 Leuc
238 3051 334 3136 quatit
347 3072 470 3129 versam,
486 3056 666 3136 exspectaus,
682 3049 731 3116 hic
745 3051 815 3118 iude
829 3063 970 3118 securem.

174 3312 186 3346 ὓ
203 3313 298 3379 Τγποὶ,
308 3315 385 3363 under
395 3315 475 3363 whose
485 3315 596 3378 auspices
607 3315 649 3362 the
660 3315 758 3364 murder
769 3315 797 3364 oi
809 3316 850 3364 the
862 3316 957 3378 princes
968 3317 988 3364 is
999 3317 1052 3366 said

142 3406 166 3447 to
177 3399 239 3445 have
250 3396 310 3443 been
322 3397 479 3460 perpetuated.
