2456 3772
101 219 139 278 la
381 234 493 278 nunms
509 233 730 280 uonnmnusis.

98 376 201 460 Usque
217 375 289 440 adeo
304 374 387 453 tutis,
403 375 505 460 patriae
515 373 593 438 dum
607 374 693 439 litora
708 374 801 460 cingit

96 485 211 563 AEstus,
228 492 257 549 et
271 484 419 549 immunes
433 491 563 550 reserant
577 485 751 550 commercia
764 491 877 572 portus.

96 598 224 682 Jamque
238 619 320 682 puer,
330 597 471 682 iongaeva
484 597 603 682 patrum
617 604 811 662 monumenta
824 599 985 678 revolvens,

95 710 156 774 Vix
171 709 264 774 credit
278 710 384 774 vixisse
399 731 503 795 genus,
520 709 603 794 queis
618 709 705 773 unica
720 732 789 775 cura

95 823 179 887 Belia
194 823 286 907 sequi,
302 820 399 907 pudor
413 844 492 886 unus
508 827 569 884 erat
583 843 644 884 non
660 821 776 886 vincere
790 822 879 887 belle.

93 937 140 1000 Tu
154 943 263 1014 tamen,
279 935 385 1000 umbra
398 935 481 1000 velut
496 935 607 1020 campis
623 935 721 1021 elapsa
736 936 875 1002 silenttm

94 1048 134 1111 ln
148 1047 245 1111 medio
261 1047 404 1132 deprensa
418 1046 475 1124 die,
491 1053 527 1110 tu
542 1045 669 1130 denique
683 1053 784 1126 restas,

94 1159 204 1236 Turris,
221 1165 250 1222 et
265 1159 361 1223 aetatis
376 1181 494 1222 revocas
508 1157 629 1222 miracu
643 1165 777 1244 peracta,

93 1272 173 1334 Ante
189 1271 289 1335 oculos
304 1277 411 1336 testata
425 1271 506 1356 ipsos
521 1277 610 1356 atque
625 1294 676 1336 ora
690 1272 848 1338 minorum.

93 1383 219 1467 Jamque
234 1383 315 1447 vale:
338 1405 401 1446 non
414 1404 495 1446 nunc
510 1382 613 1468 priscis
627 1381 796 1448 incumbere
811 1384 893 1448 fastis

93 1496 196 1580 Usque
208 1497 302 1582 juvat,
319 1495 397 1560 saecli
407 1486 596 1560 immemores
610 1496 772 1580 praesentis,
788 1503 818 1561 et
832 1497 920 1578 uitro,

93 1608 265 1692 Spectantes
280 1607 382 1685 veluti,
398 1605 507 1693 cupido
522 1605 594 1670 dum
608 1607 719 1671 lumine
733 1607 843 1672 frustra
898 1619 899 1622 ’
989 1603 990 1610 ¹

53 1767 57 1778 .
90 1719 258 1783 Praeteritas
273 1718 384 1805 species
399 1723 561 1803 captamus,
578 1717 713 1782 omittere
726 1711 867 1804 pompam

84 1833 275 1898 instantem:
300 1831 370 1896 satis
386 1843 439 1911 est,
455 1832 546 1896 semel
559 1830 721 1900 intendisse
735 1830 833 1894 viriles

90 1945 231 2029 Antiquis
247 1945 352 2009 studiis
367 1945 490 2024 animm,
506 1945 595 2009 semel
610 1949 675 2008 acta
689 1949 844 2029 pareutum

90 2057 271 2142 Magnorum
285 2054 413 2120 rediviva
427 2062 480 2119 tuo
497 2055 551 2120 sub
567 2055 676 2120 vertice
692 2054 841 2139 quondam

89 2171 217 2249 Vidisse,
233 2177 263 2234 et
278 2192 399 2235 vacuam
413 2175 513 2232 tecum
527 2167 632 2232 lusisse
645 2189 698 2252 per
713 2168 832 2231 horam!

557 2421 578 2485 J
579 2439 703 2486 onnuus
718 2421 915 2500 Comacncu,

627 2583 706 2620 com..
719 2583 797 2620 uulv.
811 2583 868 2621 300.

301 3399 406 3434 OXONH:
427 3401 583 3437 nxcuonm
596 3401 614 3436 1.
625 3402 788 3438 sunlnrnon.
